<?xml version="1.0" encoding="UTF-8"?>
<record xmlns="http://www.loc.gov/MARC21/slim">
   <leader>03198cas a2200685 a 4500</leader>
   <controlfield tag="001">583501</controlfield>
   <controlfield tag="008">880926d19871999abcar        s0     eng c</controlfield>
   <datafield tag="022" ind1=" " ind2=" ">
      <subfield code="a">0836-1509</subfield>
      <subfield code="y">0836-1503</subfield>
   </datafield>
   <datafield tag="035" ind1=" " ind2=" ">
      <subfield code="a">ocm18101752</subfield>
   </datafield>
   <datafield tag="039" ind1=" " ind2=" ">
      <subfield code="f">kn</subfield>
   </datafield>
   <datafield tag="040" ind1=" " ind2=" ">
      <subfield code="b">eng</subfield>
   </datafield>
   <datafield tag="043" ind1=" " ind2=" ">
      <subfield code="a">n-cn-ab</subfield>
   </datafield>
   <datafield tag="049" ind1=" " ind2=" ">
      <subfield code="a">AEU</subfield>
      <subfield code="b">eng</subfield>
   </datafield>
   <datafield tag="090" ind1=" " ind2=" ">
      <subfield code="a">GOV DOC CA2 AL TR A562</subfield>
      <subfield code="b">AEU</subfield>
   </datafield>
   <datafield tag="090" ind1=" " ind2=" ">
      <subfield code="a">HE 215 A15 A3 A43</subfield>
      <subfield code="b">AEU</subfield>
   </datafield>
   <datafield tag="090" ind1=" " ind2=" ">
      <subfield code="a">HE 215 A37 A5</subfield>
      <subfield code="b">ACHCU</subfield>
   </datafield>
   <datafield tag="090" ind1=" " ind2=" ">
      <subfield code="a">CA2AL TR A56</subfield>
      <subfield code="b">AEEN</subfield>
   </datafield>
   <datafield tag="110" ind1="1" ind2=" ">
      <subfield code="a">Alberta.</subfield>
      <subfield code="b">Alberta Transportation and Utilities.</subfield>
   </datafield>
   <datafield tag="240" ind1="0" ind2="0">
      <subfield code="a">Annual report /</subfield>
      <subfield code="c">Alberta Transportation and Utilities.</subfield>
   </datafield>
   <datafield tag="245" ind1="0" ind2="0">
      <subfield code="a">Annual report. Alberta. Alberta Transportation and Utilities. 1989</subfield>
      <subfield code="c">Alberta Transportation and Utilities.</subfield>
   </datafield>
   <datafield tag="260" ind1=" " ind2=" ">
      <subfield code="a">Edmonton :</subfield>
      <subfield code="b">Alberta Transportation and Utilities,</subfield>
      <subfield code="c">[1987]-1999.</subfield>
   </datafield>
   <datafield tag="300" ind1=" " ind2=" ">
      <subfield code="a">v. ;</subfield>
      <subfield code="c">28 cm.</subfield>
   </datafield>
   <datafield tag="310" ind1=" " ind2=" ">
      <subfield code="a">Annual.</subfield>
   </datafield>
   <datafield tag="362" ind1="0" ind2=" ">
      <subfield code="a">1986/87-1998/1999.</subfield>
   </datafield>
   <datafield tag="515" ind1=" " ind2=" ">
      <subfield code="a">Report year ends Mar. 31.</subfield>
   </datafield>
   <datafield tag="590" ind1=" " ind2=" ">
      <subfield code="a">Petroleum Plaza: holdings for history of Electricity and Rural Utilities.</subfield>
   </datafield>
   <datafield tag="596" ind1=" " ind2=" ">
      <subfield code="a">4 23 43 45</subfield>
   </datafield>
   <datafield tag="610" ind1="1" ind2="0">
      <subfield code="a">Alberta.</subfield>
      <subfield code="b">Alberta Transportation and Utilities</subfield>
      <subfield code="v">Periodicals.</subfield>
   </datafield>
   <datafield tag="650" ind1=" " ind2="0">
      <subfield code="a">Roads</subfield>
      <subfield code="z">Alberta</subfield>
      <subfield code="v">Periodicals.</subfield>
   </datafield>
   <datafield tag="650" ind1=" " ind2="0">
      <subfield code="a">Transportation, Automotive</subfield>
      <subfield code="z">Alberta</subfield>
      <subfield code="v">Periodicals.</subfield>
   </datafield>
   <datafield tag="650" ind1=" " ind2="0">
      <subfield code="a">Transportation, Automotive</subfield>
      <subfield code="z">Alberta</subfield>
      <subfield code="v">Statistics</subfield>
      <subfield code="v">Periodicals.</subfield>
   </datafield>
   <datafield tag="650" ind1=" " ind2="0">
      <subfield code="a">Public utilities</subfield>
      <subfield code="z">Alberta</subfield>
      <subfield code="v">Periodicals.</subfield>
   </datafield>
   <datafield tag="780" ind1="0" ind2="0">
      <subfield code="a">Alberta. Alberta Transportation.</subfield>
      <subfield code="t">Annual report,</subfield>
      <subfield code="x">0702-7702</subfield>
   </datafield>
   <datafield tag="785" ind1="0" ind2="0">
      <subfield code="a">Alberta. Alberta Infrastructure.</subfield>
      <subfield code="t">Annual report,</subfield>
      <subfield code="x">1497-0694</subfield>
   </datafield>
   <datafield tag="926" ind1=" " ind2=" ">
      <subfield code="a">CUC</subfield>
      <subfield code="b">ON_SHELF</subfield>
      <subfield code="c">HE 215 .A37 A5 1989/1990</subfield>
      <subfield code="d">BOOK</subfield>
      <subfield code="f">1</subfield>
   </datafield>
   <datafield tag="926" ind1=" " ind2=" ">
      <subfield code="a">UAHSS</subfield>
      <subfield code="b">ON_SHELF</subfield>
      <subfield code="c">GOV DOC CA2 AL TR A562 1986/1987</subfield>
      <subfield code="d">BOOK</subfield>
      <subfield code="f">1</subfield>
   </datafield>
   <datafield tag="926" ind1=" " ind2=" ">
      <subfield code="a">UAHSS</subfield>
      <subfield code="b">ON_SHELF</subfield>
      <subfield code="c">GOV DOC CA2 AL TR A562 1987/1988</subfield>
      <subfield code="d">BOOK</subfield>
      <subfield code="f">1</subfield>
   </datafield>
   <datafield tag="926" ind1=" " ind2=" ">
      <subfield code="a">UAHSS</subfield>
      <subfield code="b">ON_SHELF</subfield>
      <subfield code="c">GOV DOC CA2 AL TR A562 1988/1989</subfield>
      <subfield code="d">BOOK</subfield>
      <subfield code="f">1</subfield>
   </datafield>
   <datafield tag="926" ind1=" " ind2=" ">
      <subfield code="a">UAHSS</subfield>
      <subfield code="b">ON_SHELF</subfield>
      <subfield code="c">GOV DOC CA2 AL TR A562 1989/1990</subfield>
      <subfield code="d">BOOK</subfield>
      <subfield code="f">1</subfield>
   </datafield>
   <datafield tag="926" ind1=" " ind2=" ">
      <subfield code="a">UAHSS</subfield>
      <subfield code="b">ON_SHELF</subfield>
      <subfield code="c">GOV DOC CA2 AL TR A562 1990/1991</subfield>
      <subfield code="d">BOOK</subfield>
      <subfield code="f">1</subfield>
   </datafield>
   <datafield tag="926" ind1=" " ind2=" ">
      <subfield code="a">UAHSS</subfield>
      <subfield code="b">ON_SHELF</subfield>
      <subfield code="c">GOV DOC CA2 AL TR A562 1991/1992</subfield>
      <subfield code="d">BOOK</subfield>
      <subfield code="f">1</subfield>
   </datafield>
   <datafield tag="926" ind1=" " ind2=" ">
      <subfield code="a">UAHSS</subfield>
      <subfield code="b">ON_SHELF</subfield>
      <subfield code="c">GOV DOC CA2 AL TR A562 1992/1993</subfield>
      <subfield code="d">BOOK</subfield>
      <subfield code="f">1</subfield>
   </datafield>
   <datafield tag="926" ind1=" " ind2=" ">
      <subfield code="a">UAHSS</subfield>
      <subfield code="b">ON_SHELF</subfield>
      <subfield code="c">GOV DOC CA2 AL TR A562 1993/1994</subfield>
      <subfield code="d">BOOK</subfield>
      <subfield code="f">1</subfield>
   </datafield>
   <datafield tag="926" ind1=" " ind2=" ">
      <subfield code="a">UAHSS</subfield>
      <subfield code="b">ON_SHELF</subfield>
      <subfield code="c">GOV DOC CA2 AL TR A562 1994/1995</subfield>
      <subfield code="d">BOOK</subfield>
      <subfield code="f">1</subfield>
   </datafield>
   <datafield tag="926" ind1=" " ind2=" ">
      <subfield code="a">UAHSS</subfield>
      <subfield code="b">LIBUSE</subfield>
      <subfield code="c">GOV DOC CA2 AL TR A562 1995/1996</subfield>
      <subfield code="d">BOOK</subfield>
      <subfield code="f">1</subfield>
   </datafield>
   <datafield tag="926" ind1=" " ind2=" ">
      <subfield code="a">UAHSS</subfield>
      <subfield code="b">ON_SHELF</subfield>
      <subfield code="c">GOV DOC CA2 AL TR A562 1996/1997</subfield>
      <subfield code="d">BOOK</subfield>
      <subfield code="f">1</subfield>
   </datafield>
   <datafield tag="926" ind1=" " ind2=" ">
      <subfield code="a">UAHSS</subfield>
      <subfield code="b">ON_SHELF</subfield>
      <subfield code="c">GOV DOC CA2 AL TR A562 1997/1998</subfield>
      <subfield code="d">BOOK</subfield>
      <subfield code="f">1</subfield>
   </datafield>
   <datafield tag="926" ind1=" " ind2=" ">
      <subfield code="a">UAHSS</subfield>
      <subfield code="b">ON_SHELF</subfield>
      <subfield code="c">GOV DOC CA2 AL TR A562 1998/1999</subfield>
      <subfield code="d">BOOK</subfield>
      <subfield code="f">1</subfield>
   </datafield>
   <datafield tag="926" ind1=" " ind2=" ">
      <subfield code="a">UALAW</subfield>
      <subfield code="b">ON_SHELF</subfield>
      <subfield code="c">GOV DOC CA2 AL TR A562 1986/1987</subfield>
      <subfield code="d">BOOK</subfield>
      <subfield code="f">1</subfield>
   </datafield>
   <datafield tag="926" ind1=" " ind2=" ">
      <subfield code="a">UALAW</subfield>
      <subfield code="b">ON_SHELF</subfield>
      <subfield code="c">GOV DOC CA2 AL TR A562 1987/1988</subfield>
      <subfield code="d">BOOK</subfield>
      <subfield code="f">1</subfield>
   </datafield>
   <datafield tag="926" ind1=" " ind2=" ">
      <subfield code="a">UALAW</subfield>
      <subfield code="b">ON_SHELF</subfield>
      <subfield code="c">GOV DOC CA2 AL TR A562 1988/1989</subfield>
      <subfield code="d">BOOK</subfield>
      <subfield code="f">1</subfield>
   </datafield>
   <datafield tag="926" ind1=" " ind2=" ">
      <subfield code="a">UALAW</subfield>
      <subfield code="b">ON_SHELF</subfield>
      <subfield code="c">GOV DOC CA2 AL TR A562 1989/1990</subfield>
      <subfield code="d">BOOK</subfield>
      <subfield code="f">1</subfield>
   </datafield>
   <datafield tag="926" ind1=" " ind2=" ">
      <subfield code="a">UALAW</subfield>
      <subfield code="b">ON_SHELF</subfield>
      <subfield code="c">GOV DOC CA2 AL TR A562 1995/1996</subfield>
      <subfield code="d">BOOK</subfield>
      <subfield code="f">1</subfield>
   </datafield>
   <datafield tag="926" ind1=" " ind2=" ">
      <subfield code="a">UALAW</subfield>
      <subfield code="b">ON_SHELF</subfield>
      <subfield code="c">GOV DOC CA2 AL TR A562 1997/1998</subfield>
      <subfield code="d">BOOK</subfield>
      <subfield code="f">1</subfield>
   </datafield>
   <datafield tag="926" ind1=" " ind2=" ">
      <subfield code="a">UALAW</subfield>
      <subfield code="b">ON_SHELF</subfield>
      <subfield code="c">GOV DOC CA2 AL TR A562 1998/1999</subfield>
      <subfield code="d">BOOK</subfield>
      <subfield code="f">1</subfield>
   </datafield>
   <datafield tag="927" ind1=" " ind2=" ">
      <subfield code="a">UAHSS</subfield>
   </datafield>
   <datafield tag="927" ind1=" " ind2=" ">
      <subfield code="b">Location</subfield>
      <subfield code="c">ON_SHELF-- GOV DOC CA2 AL TR A562</subfield>
   </datafield>
   <datafield tag="927" ind1=" " ind2=" ">
      <subfield code="b">Library has</subfield>
      <subfield code="c">1986/1987-1998/1999</subfield>
   </datafield>
   <datafield tag="927" ind1=" " ind2=" ">
      <subfield code="a">UALAW</subfield>
   </datafield>
   <datafield tag="927" ind1=" " ind2=" ">
      <subfield code="b">Location</subfield>
      <subfield code="c">ON_SHELF-- GOV DOC CA2 AL TR A562</subfield>
   </datafield>
   <datafield tag="927" ind1=" " ind2=" ">
      <subfield code="b">Library has</subfield>
      <subfield code="c">1986/1987-1989/1990,1995/1996,1997/1998-1998/199 9</subfield>
   </datafield>
</record>
